@article{stan1,
  author  = {Станевичене Л.И.},
  journal = {},
  number  = {},
  title   = {К теории бесконтекстных языков},
  volume  = {},
  year    = {2000}
}

@article{stearns_reg,
  author  = {R. E. Stearns},
  journal = {INFORMATION AND CONTROL},
  number  = {11},
  title   = {A Regularity Test for Pushdown Machines},
  volume  = {323-340},
  year    = {1967}
}

@article{vylitok_rostovski_o_podklassah,
  author  = {},
  journal = {},
  number  = {},
  title   = {},
  volume  = {},
  year    = {}
}

@article{vylitok_sutirin_harakterizacia,
  author  = {},
  journal = {},
  number  = {},
  title   = {},
  volume  = {},
  year    = {}
}